<record><leader>00000cas a22000007a 4500</leader><controlfield tag="001">39385740</controlfield><controlfield tag="008">980702d19721972vauwr ne      0    0eng d</controlfield><datafield ind1=" " ind2=" " tag="010"><subfield code="a">sn 98068096 </subfield></datafield><datafield ind1=" " ind2=" " tag="040"><subfield code="a">NVK</subfield><subfield code="b">eng</subfield><subfield code="c">NVK</subfield><subfield code="d">OCLCQ</subfield><subfield code="d">OCLCF</subfield><subfield code="d">OCLCO</subfield></datafield><datafield ind1="1" ind2=" " tag="029"><subfield code="a">AU@</subfield><subfield code="b">000014094786</subfield></datafield><datafield ind1=" " ind2=" " tag="042"><subfield code="a">msc</subfield></datafield><datafield ind1=" " ind2=" " tag="043"><subfield code="a">n-us-va</subfield></datafield><datafield ind1="0" ind2=" " tag="130"><subfield code="a">Fairfax County journal (Alexandria, Va. : Mount Vernon-Lee edition)</subfield></datafield><datafield ind1="1" ind2="0" tag="245"><subfield code="a">Fairfax County journal.</subfield></datafield><datafield ind1=" " ind2=" " tag="250"><subfield code="a">Mount Vernon-Lee ed.</subfield></datafield><datafield ind1=" " ind2=" " tag="260"><subfield code="a">Alexandria, Va. :</subfield><subfield code="b">Journal Newspapers,</subfield><subfield code="c">1972-1972.</subfield></datafield><datafield ind1=" " ind2=" " tag="300"><subfield code="a">v.</subfield></datafield><datafield ind1=" " ind2=" " tag="310"><subfield code="a">Weekly</subfield></datafield><datafield ind1="0" ind2=" " tag="362"><subfield code="a">Vol. 33, no. 43 (Oct. 26, 1972)-</subfield></datafield><datafield ind1=" " ind2=" " tag="500"><subfield code="a">Editor: Thomas Wuriu.</subfield></datafield><datafield ind1=" " ind2=" " tag="530"><subfield code="a">Available on microfilm from Bell &amp; Howell (for the Library of Virginia).</subfield></datafield><datafield ind1=" " ind2=" " tag="580"><subfield code="a">Between Oct. 26, 1972 and 1979 Journal Newspapers, Inc., under Thomas Wuriu owned: Fairfax County journal (Alexandria, Va. : Falls Church/Vienna/McLean edition); Fairfax journal (Alexandria, Va. : 1972); Alexandria journal (Alexandria, Va. : 1972); Arlington journal (Alexandria, Va. : 1972).</subfield></datafield><datafield ind1=" " ind2="0" tag="651"><subfield code="a">Mount Vernon (Va.)</subfield><subfield code="v">Newspapers.</subfield></datafield><datafield ind1=" " ind2="0" tag="651"><subfield code="a">Alexandria (Va.)</subfield><subfield code="v">Newspapers.</subfield></datafield><datafield ind1=" " ind2="0" tag="651"><subfield code="a">Lee County (Va.)</subfield><subfield code="v">Newspapers.</subfield></datafield><datafield ind1=" " ind2="7" tag="655"><subfield code="a">Newspapers.</subfield><subfield code="2">fast</subfield><subfield code="0">(OCoLC)fst01423814</subfield></datafield><datafield ind1=" " ind2="7" tag="651"><subfield code="a">Virginia</subfield><subfield code="z">Alexandria.</subfield><subfield code="2">fast</subfield><subfield code="0">(OCoLC)fst01206236</subfield></datafield><datafield ind1=" " ind2="7" tag="651"><subfield code="a">Virginia</subfield><subfield code="z">Lee County.</subfield><subfield code="2">fast</subfield><subfield code="0">(OCoLC)fst01217522</subfield></datafield><datafield ind1=" " ind2="7" tag="651"><subfield code="a">Virginia</subfield><subfield code="z">Mount Vernon.</subfield><subfield code="2">fast</subfield><subfield code="0">(OCoLC)fst01252957</subfield></datafield><datafield ind1="1" ind2=" " tag="700"><subfield code="a">Wuriu, Thomas.</subfield></datafield><datafield ind1=" " ind2=" " tag="752"><subfield code="a">United States</subfield><subfield code="b">Virginia</subfield><subfield code="d">Alexandria.</subfield></datafield><datafield ind1="1" ind2=" " tag="775"><subfield code="t">Alexandria journal (Alexandria, Va. : 1972)</subfield><subfield code="w">(DLC)sn 78001208</subfield></datafield><datafield ind1="1" ind2=" " tag="775"><subfield code="t">Arlington journal (Alexandria, Va. : 1972)</subfield><subfield code="w">(DLC)sn 78000495</subfield></datafield><datafield ind1="1" ind2=" " tag="775"><subfield code="t">Fairfax County journal (Alexandria, Va. : Falls Church/Vienna/McLean edition)</subfield><subfield code="w">(DLC)sn 98068094</subfield></datafield><datafield ind1="1" ind2=" " tag="775"><subfield code="t">Fairfax journal (Alexandria, Va. : 1972)</subfield><subfield code="w">(DLC)sn 78001209</subfield></datafield><datafield ind1="0" ind2="0" tag="780"><subfield code="t">Fairfax County journal standard (Alexandria, Va. : Mount Vernon-Lee edition)</subfield><subfield code="w">(DLC)sn 98068088</subfield></datafield></record>